@article{LucasKemp2015,
  title={An improved probabilistic account of counterfactual reasoning},
  author={Lucas, Christopher G and Kemp, Charles},
  journal={Psychological Review},
  year={2015}
}

@chapter{Hesslow1988,
  title={The problem of causal selection},
  author={Hesslow, Germund},
  journal={Contemporary science and natural explanation: Commonsense conceptions of causality},
  editor={Hilton, D.J.},
  pages={11--32},
  year={1988},
  publisher={Harvester Press, Brighton}
}

@article{Hilton1996,
  title={Mental models and causal explanation: Judgements of probable cause and explanatory relevance},
  author={Hilton, Denis J},
  journal={Thinking \& Reasoning},
  volume={2},
  number={4},
  pages={273--308},
  year={1996},
  publisher={Taylor \& Francis}
}

@chapter{Woodward2011,
  title={Causes, Conditions, and the Pragmatics of Causal Explanation},
  author={Woodward, Jim},
  booktitle={Philosophy of Science Matters: The Philosophy of Peter Achinstein},
  editor={Morgan, Gregory J.},
  year={2011}
}

@article{ReuterEtAl2014,
  title={The good, the bad, and the timely: how temporal order and moral judgment influence causal selection},
  author={Reuter, Kevin and Kirfel, Lara and van Riel, Raphael and Barlassina, Luca},
  journal={Fronteirs in Psychology},
  year={2014}
}